<?xml version="1.0" encoding="UTF-8"?><collection xmlns="http://www.loc.gov/MARC21/slim"><record><leader>00428nam--2200145-i-4500</leader><controlfield tag="001">000009943</controlfield><controlfield tag="002">20161230</controlfield><controlfield tag="005">20170305182620</controlfield><controlfield tag="008">060222s1000------------r-----000-0-eng-d</controlfield><datafield ind1=" " ind2=" " tag="100"><subfield code="a">Boll, John J</subfield></datafield><datafield ind1=" " ind2=" " tag="245"><subfield code="a">Introduction to cataloging. Descriptive cataloging and an overview of catalogs and cataloging</subfield></datafield><datafield ind1=" " ind2=" " tag="260"><subfield code="a">New York</subfield><subfield code="b">Mc.Graw-hill Book Company</subfield><subfield code="c">1970</subfield></datafield><datafield ind1=" " ind2=" " tag="300"><subfield code="a">400 p</subfield></datafield><datafield ind1=" " ind2=" " tag="852"><subfield code="a">35995</subfield></datafield><datafield ind1=" " ind2=" " tag="CAT"><subfield code="a">SYS</subfield><subfield code="c">20170305</subfield><subfield code="h">182620</subfield></datafield></record></collection>